@book{cervantes1999,
	address = {New York},
	edition = {1st ed},
	series = {A {Norton} critical edition},
	title = {Don {Quijote}: a new translation, backgrounds and contexts, criticism},
	isbn = {9780393972818},
	shorttitle = {Don {Quijote}},
	language = {eng},
	publisher = {W.W. Norton},
	author = {Cervantes Saavedra, Miguel de and Raffel, Burton and Wilson, Diana de Armas},
	year = {1999},
	keywords = {Cervantes Saavedra, Miguel de, Don Quixote},
}

% Articulo de pagina web
@ARTICLE{lamport1986,
   author = {L[eslie] A. Lamport},
   title = {The Gnats and Gnus Document Preparation System},
   journal = {G-Animal's Journal},
   year = 1986,
   volume = 41,
   number = 7,
   pages = "73+",
   month = jul,
}